@Article{MalariaGEN-2023-pf7,
  title           = {Pf7: an Open Dataset of Plasmodium Falciparum Genome
                  Variation in 20,000 Worldwide Samples [version 1; Peer Review:
                  3 Approved]},
  AUTHOR          = {MalariaGEN and Abdel Hamid, MM and Abdelraheem, MH and
                  Acheampong, DO and Ahouidi, A and Ali, M and Almagro-Garcia, J
                  and Amambua-Ngwa, A and Amaratunga, C and Amenga-Etego, L and
                  Andagalu, B and Anderson, T and Andrianaranjaka, V and Aniebo,
                  I and Aninagyei, E and Ansah, F and Ansah, PO and Apinjoh, T
                  and Arnaldo, P and Ashley, E and Auburn, S and Awandare, GA
                  and Ba, H and Baraka, V and Barry, A and Bejon, P and Bertin,
                  GI and Boni, MF and Borrmann, S and Bousema, T and
                  Bouyou-Akotet, M and Branch, O and Bull, PC and Cheah, H and
                  Chindavongsa, K and Chookajorn, T and Chotivanich, K and
                  Claessens, A and Conway, DJ and Corredor, V and Courtier, E
                  and Craig, A and D'Alessandro, U and Dama, S and Day, N and
                  Denis, B and Dhorda, M and Diakite, M and Djimde, A and
                  Dolecek, C and Dondorp, A and Doumbia, S and Drakeley, C and
                  Drury, E and Duffy, P and Echeverry, DF and Egwang, TG and
                  Enosse, SMM and Erko, B and Fairhurst, RM and Faiz, A and
                  Fanello, CA and Fleharty, M and Forbes, M and Fukuda, M and
                  Gamboa, D and Ghansah, A and Golassa, L and Goncalves, S and
                  Harrison, GLA and Healy, SA and Hendry, JA and
                  Hernandez-Koutoucheva, A and Hien, TT and Hill, CA and
                  Hombhanje, F and Hott, A and Htut, Y and Hussein, M and
                  Imwong, M and Ishengoma, D and Jackson, SA and Jacob, CG and
                  Jeans, J and Johnson, KJ and Kamaliddin, C and Kamau, E and
                  Keatley, J and Kochakarn, T and Konate, DS and Konat{\'e}, A
                  and Kone, A and Kwiatkowski, DP and Kyaw, MP and Kyle, D and
                  Lawniczak, M and Lee, SK and Lemnge, M and Lim, P and Lon, C
                  and Loua, KM and Mandara, CI and Marfurt, J and Marsh, K and
                  Maude, RJ and Mayxay, M and Ma√Øga-Ascofar{\'e}, O and Miotto,
                  O and Mita, T and Mobegi, V and Mohamed, AO and Mokuolu, OA
                  and Montgomery, J and Morang?a, CM and Mueller, I and Murie, K
                  and Newton, PN and Ngo Duc, T and Nguyen, T and Nguyen, TN and
                  Nguyen Thi Kim, T and Nguyen Van, H and Noedl, H and Nosten, F
                  and Noviyanti, R and Ntui, VNN and Nzila, A and Ochola-Oyier,
                  LI and Ocholla, H and Oduro, A and Omedo, I and Onyamboko, MA
                  and Ouedraogo, JB and Oyebola, K and Oyibo, WA and Pearson, R
                  and Peshu, N and Phyo, AP and Plowe, CV and Price, RN and
                  Pukrittayakamee, S and Quang, HH and Randrianarivelojosia, M
                  and Rayner, JC and Ringwald, P and Rosanas-Urgell, A and
                  Rovira-Vallbona, E and Ruano-Rubio, V and Ruiz, L and
                  Saunders, D and Shayo, A and Siba, P and Simpson, VJ and
                  Sissoko, MS and Smith, C and Su, Xz and Sutherland, C and
                  Takala-Harrison, S and Talman, A and Tavul, L and Thanh, NV
                  and Thathy, V and Thu, AM and Toure, M and Tshefu, A and
                  Verra, F and Vinetz, J and Wellems, TE and Wendler, J and
                  White, NJ and Whitton, G and Yavo, W and van der Pluijm, RW},
  DOI             = {10.12688/wellcomeopenres.18681.1},
  JOURNAL         = {Wellcome Open Research},
  NUMBER          = 22,
  VOLUME          = 8,
  YEAR            = 2023,
}



@article{danecek-2021-twelv-years,
  author          = {Petr Danecek and James K Bonfield and Jennifer Liddle and
                  John Marshall and Valeriu Ohan and Martin O Pollard and Andrew
                  Whitwham and Thomas Keane and Shane A McCarthy and Robert M
                  Davies and Heng Li},
  title           = {Twelve Years of Samtools and Bcftools},
  journal         = {GigaScience},
  volume          = 10,
  number          = 2,
  pages           = {nil},
  year            = 2021,
  doi             = {10.1093/gigascience/giab008},
  url             = {http://dx.doi.org/10.1093/gigascience/giab008},
  DATE_ADDED      = {Fri Dec 8 18:07:31 2023},
}



@article{pfeifer-2014-popgen,
  author          = {Bastian Pfeifer and Ulrich Wittelsb{\"u}rger and Sebastian
                  E. Ramos-Onsins and Martin J. Lercher},
  title           = {Popgenome: an Efficient Swiss Army Knife for Population
                  Genomic Analyses in R},
  journal         = {Molecular Biology and Evolution},
  volume          = 31,
  number          = 7,
  pages           = {1929-1936},
  year            = 2014,
  doi             = {10.1093/molbev/msu136},
  url             = {http://dx.doi.org/10.1093/molbev/msu136},
  DATE_ADDED      = {Fri Dec 8 18:08:30 2023},
}



@article{jombart-2010-discr-analy,
  author          = {Thibaut Jombart and S{\'e}bastien Devillard and
                  Fran{\c{c}}ois Balloux},
  title           = {Discriminant Analysis of Principal Components: a New Method
                  for the Analysis of Genetically Structured Populations},
  journal         = {BMC Genetics},
  volume          = 11,
  number          = 1,
  pages           = 94,
  year            = 2010,
  doi             = {10.1186/1471-2156-11-94},
  url             = {http://dx.doi.org/10.1186/1471-2156-11-94},
  DATE_ADDED      = {Fri Dec 8 18:14:53 2023},
}



@article{thia-2022-guidel-stand,
  author          = {Joshua A. Thia},
  title           = {Guidelines for Standardizing the Application of
                  Discriminant Analysis of Principal Components To Genotype
                  Data},
  journal         = {Molecular Ecology Resources},
  volume          = 23,
  number          = 3,
  pages           = {523-538},
  year            = 2022,
  doi             = {10.1111/1755-0998.13706},
  url             = {http://dx.doi.org/10.1111/1755-0998.13706},
  DATE_ADDED      = {Wed Nov 8 17:24:07 2023},
}



@article{alexander-2009-fast-model,
  author          = {David H. Alexander and John Novembre and Kenneth Lange},
  title           = {Fast Model-Based Estimation of Ancestry in Unrelated
                  Individuals},
  journal         = {Genome Research},
  volume          = 19,
  number          = 9,
  pages           = {1655-1664},
  year            = 2009,
  doi             = {10.1101/gr.094052.109},
  url             = {http://dx.doi.org/10.1101/gr.094052.109},
  DATE_ADDED      = {Fri Dec 8 18:10:59 2023},
}



@article{marcais-2018-mummer,
  author          = {Guillaume Mar{\c{c}}ais and Arthur L. Delcher and Adam M.
                  Phillippy and Rachel Coston and Steven L. Salzberg and Aleksey
                  Zimin},
  title           = {Mummer4: a Fast and Versatile Genome Alignment System},
  journal         = {PLOS Computational Biology},
  volume          = 14,
  number          = 1,
  pages           = {e1005944},
  year            = 2018,
  doi             = {10.1371/journal.pcbi.1005944},
  url             = {http://dx.doi.org/10.1371/journal.pcbi.1005944},
  DATE_ADDED      = {Fri Dec 8 18:12:36 2023},
}

