@Article{knaus-2017-vcfr,
  author          = {Brian J. Knaus and Niklaus J. Gr{\"u}nwald},
  title           = {{VCFR}: a Package To Manipulate and Visualize Variant Call
                  Format Data in {R}},
  journal         = {Molecular Ecology Resources},
  volume          = 17,
  number          = 1,
  pages           = {44--53},
  year            = 2017,
  url             = {https://dx.doi.org/10.1111/1755-0998.12549},
  issn            = 757,
}


@article{thia-2022-guidel-stand,
  author          = {Joshua A. Thia},
  title           = {Guidelines for Standardizing the Application of
                  Discriminant Analysis of Principal Components To Genotype
                  Data},
  journal         = {Molecular Ecology Resources},
  volume          = 23,
  number          = 3,
  pages           = {523-538},
  year            = 2022,
  doi             = {10.1111/1755-0998.13706},
  url             = {http://dx.doi.org/10.1111/1755-0998.13706},
  DATE_ADDED      = {Wed Nov 8 17:24:07 2023},
}

