@article{jombart-2010-discr-analy,
  author          = {Thibaut Jombart and S{\'e}bastien Devillard and
                  Fran{\c{c}}ois Balloux},
  title           = {Discriminant Analysis of Principal Components: a New Method
                  for the Analysis of Genetically Structured Populations},
  journal         = {BMC Genetics},
  volume          = 11,
  number          = 1,
  pages           = 94,
  year            = 2010,
  doi             = {10.1186/1471-2156-11-94},
  url             = {http://dx.doi.org/10.1186/1471-2156-11-94},
  DATE_ADDED      = {Fri Dec 8 18:14:53 2023},
}



@article{lapierre-2016-impac-selec,
  author          = {Marguerite Lapierre and Camille Blin and Amaury Lambert and
                  Guillaume Achaz and Eduardo P. C. Rocha},
  title           = {The Impact of Selection, Gene Conversion, and Biased
                  Sampling on the Assessment of Microbial Demography},
  journal         = {Molecular Biology and Evolution},
  volume          = 33,
  number          = 7,
  pages           = {1711-1725},
  year            = 2016,
  doi             = {10.1093/molbev/msw048},
  url             = {http://dx.doi.org/10.1093/molbev/msw048},
  DATE_ADDED      = {Mon Nov 27 11:58:53 2023},
}

